@book{helfferich05,
author = {Helfferich, Cornelia},
isbn = {978-3531144931},
keywords = {freeqda},
publisher = {VS Verlag},
title = {{Die Qualit\"{a}t qualitativer Daten. Manual f\"{u}r die Durchf\"{u}hrung qualitativer Interviews}},
year = {2005}
}
@book{kuckartz07,
author = {Kuckartz, Udo},
isbn = {978-3531342474},
keywords = {freeqda},
publisher = {VS Verlag},
title = {{Einf\"{u}hrung in die computergest\"{u}tzte Analyse qualitativer Daten}},
year = {2007}
}
@book{lewins07,
author = {Lewins, Ann and Silver, Christina},
isbn = {978-0761949237},
keywords = {freeqda},
publisher = {Sage Publications},
title = {{Using Software in Qualitative Research: A Step-by-Step Guide (Paperback)}},
year = {2007}
}
@book{lobiondo05,
author = {LoBiondo-Wood, Geri and Haber, Judith},
isbn = {978-0323028288},
keywords = {freeqda},
publisher = {Elsevier},
title = {{Nursing research: methods and critical appraisal for evidence-based practice}},
year = {2005}
}
@book{teddlie08,
author = {Teddlie, Charles B. and Tashakkori, Abbas},
isbn = {978-0761930129},
keywords = {freeqda},
publisher = {Sage Publications},
title = {{Foundations of Mixed Methods Research: Integrating Quantitative and Qualitative Approaches in the Social and Behavioral Sciences}},
year = {2008}
}
